<?xml version="1.0" encoding="UTF-8"?><collection xmlns="http://www.loc.gov/MARC21/slim"><record><leader>00429nam--2200145-i-4500</leader><controlfield tag="001">000010980</controlfield><controlfield tag="002">20161230</controlfield><controlfield tag="005">20170209164641</controlfield><controlfield tag="008">060222s1000------------r-----000-0-eng-d</controlfield><datafield ind1=" " ind2=" " tag="100"><subfield code="a">Braat, Jozef</subfield></datafield><datafield ind1=" " ind2=" " tag="245"><subfield code="a">Amelioration des techniques d holographie en l umiere spatielement incoherente</subfield></datafield><datafield ind1=" " ind2=" " tag="260"><subfield code="a">Paris</subfield><subfield code="b">Faculte Des Sciences D Orsay</subfield><subfield code="c">1972</subfield></datafield><datafield ind1=" " ind2=" " tag="300"><subfield code="a">73 p</subfield></datafield><datafield ind1=" " ind2=" " tag="852"><subfield code="a">535.13(043):778.4(043)</subfield></datafield><datafield ind1=" " ind2=" " tag="CAT"><subfield code="a">SYS</subfield><subfield code="c">20170209</subfield><subfield code="h">164641</subfield></datafield></record></collection>